@software{micropython,
    author = "Damien P. George and others",
    title = "MicroPython",
    url = "https://micropython.org/",
    urldate = "2021-06-26",
    type = "software",
}

@online{jcqgcse19,
    author = "Joint Council for Qualifications",
    title = "GCSE (Full Course) Results Summer 2019",
    date = "2019",
    url = "https://www.jcq.org.uk/wp-content/uploads/2019/09/GCSE-Full-Course-Results-Summer-2019.pdf",
    urldate = "2021-06-26",
}

@online{jcqalevel19,
    author = "Joint Council for Qualifications",
    title = "A Level and AS Results Summer 2019",
    date = "2019",
    url = "https://www.jcq.org.uk/wp-content/uploads/2019/08/A-Level-and-AS-Results-Summer-2019.pdf",
    urldate = "2021-06-26",
}

@manual{j276,
    author = "OCR",
    title = "GCSE (9--1) Specification Computer Science J276",
    date = "2020-06",
    version = "4.3",
    url = "https://www.ocr.org.uk/Images/225975-specification-accredited-gcse-computer-science-j276.pdf",
    urldate = "2021-06-26",
}

@manual{j277,
    author = "OCR",
    title = "GCSE (9--1) Specification Computer Science J277",
    date = "2020-06",
    version = "2.0",
    url = "https://www.ocr.org.uk/Images/558027-specification-gcse-computer-science-j277.pdf",
    urldate = "2021-06-26",
}

@manual{h446,
    author = "OCR",
    title = "A Level Specification Computer Science H446",
    date = "2020-06",
    version = "2.4",
    url = "https://ocr.org.uk/Images/170844-specification-accredited-a-level-gce-computer-science-h446.pdf",
    urldate = "2021-06-26",
}

@misc{ocrpec18, % OCR Post-Exam correction GCE
    author = "OCR",
    title = "Question paper - Algorithms and programming post-exam correction",
    date = "2018-06",
    url = "https://www.ocr.org.uk/Images/533683-question-paper-algorithms-and-programming-post-exam-correction.pdf",
    urldate = "2021-06-26",
}
